%%
%% Copyright (c) Facebook, Inc. and its affiliates.
%%
%% This source code is licensed under the MIT license found in the LICENSE file
%% in the root directory of this source tree.
%%


@book{brown-cheng-haacke-thompson-venkatesan,
  author = {Robert W. Brown and {Y.}-{C.} Norman Cheng and E. Mark Haacke
            and Michael R. Thompson and Ramesh Venkatesan},
  title = {Magnetic Resonance Imaging: Physical Principles
           and Sequence Design},
  publisher = {Wiley-Blackwell},
  edition = {2nd},
  year = {2014},
  doi = {10.1002/9781118633953}
}

@article{candes-romberg-tao,
  author = {Emmanuel J. Candes and Justin Romberg and Terence Tao},
  title = {Robust uncertainty principles: exact signal reconstruction
           from highly incomplete frequency information},
  journal = {IEEE Transactions on Information Theory},
  volume = {52},
  number = {2},
  year = {2006},
  pages = {489--509},
  doi = {10.1109/TIT.2005.862083}
}

@book{efron-tibshirani,
  author = {Bradley Efron and Robert J. Tibshirani},
  title = {An Introduction to the Bootstrap},
  publisher = {Chapman \& Hall},
  series = {CRC Monographs on Statistics \& Applied Probability},
  address = {New York, NY},
  year = {1993},
  doi = {10.1201/9780429246593}
}

@article{hammernik-klatzer-kobler-recht-sodickson-pock-knoll,
  author = {Kerstin Hammernik and Teresa Klatzer and Erich Kobler
            and Michael P. Recht and Daniel K. Sodickson and Florian Knoll},
  title = {Learning a variational network for reconstruction of accelerated
           {MRI} data},
  journal = {Magnetic Resonance in Medicine},
  volume = {79},
  number = {6},
  year = {2018},
  pages = {3055--3071},
  doi = {10.1002/mrm.26977}
}

@article{lustig-donoho-pauly,
  author = {Michael Lustig and David Donoho and John M. Pauly},
  title = {Sparse {MRI}: the application of compressed sensing
           for rapid {MR} imaging},
  journal = {Magnetic Resonance in Medicine},
  volume = {58},
  number = {6},
  pages = {1182--1195},
  year = {2007},
  doi = {10.1002/mrm.21391}
}

@article{malioutov-sanghavi-willsky,
  author = {Dmitry M. Malioutov and Sujay R. Sanghavi and Alan S. Willsky},
  title = {Sequential compressed sensing},
  journal = {IEEE Journal of Selected Topics in Signal Processing},
  volume = {4},
  number = {2},
  pages = {435--444},
  year = {2010},
  doi = {10.1109/JSTSP.2009.2038211}
}

@techreport{tao-yang,
  author = {Min Tao and Junfeng Yang},
  title = {Alternating direction algorithms for total variation deconvolution
           in image reconstruction},
  institution = {Department of Mathematics, Nanjing University},
  year = {2009},
  number = {TR0918},
  note = {Available at
          \url{http://www.optimization-online.org/DB\_HTML/2009/11/2463.html}}
}

@article{tropp,
  author = {Joel A. Tropp},
  title = {Book review: A mathematical introduction to compressive sampling
           by {S. Foucart} and {H. Rauhut}},
  journal = {Bulletin of the American Mathematical Society},
  volume = {54},
  number = {1},
  pages = {151--165},
  year = {2017},
  doi = {10.1090/bull/1546}
}

@article{scikit-image,
  author = {St\'efan van der Walt and Johannes L. Sch\"onberger
            and Juan Nunez-Iglesias and Fran\c{c}ois Boulogne
            and Joshua D. Warner and Neil Yager and Emmanuelle Gouillart
            and Tony Yu},
  title = {\pkg{Scikit-image}: image processing in \proglang{{P}ython}},
  journal = {PeerJ},
  volume = {2},
  number = {e453},
  pages = {1--18},
  month = {June},
  year = {2014},
  doi = {10.7717/peerj.453}
}

@article{ward,
  author = {Rachel Ward},
  title = {Compressed sensing with cross-validation},
  journal = {IEEE Transactions on Information Theory},
  volume = {55},
  number = {12},
  pages = {5773--5782},
  year = {2009},
  doi = {10.1109/TIT.2009.2032712}
}

@book{yanai-takeuchi-takane,
  author = {Haruo Yanai and Kei Takeuchi and Yoshio Takane},
  title = {Projection Matrices, Generalized Inverse Matrices,
           and Singular Value Decomposition},
  series = {Statistics for Social and Behavioral Sciences},
  publisher = {Springer},
  address = {New York},
  year = {2011},
  doi = {10.1007/978-1-4419-9887-3}
}

@article{yang-zhang,
  author = {Junfeng Yang and Yin Zhang},
  title = {Alternating direction algorithms for $\ell_1$-problems
           in compressive sensing},
  journal = {SIAM Journal on Scientific Computing},
  year = {2011},
  volume = {33},
  number = {1},
  pages = {250--278},
  doi = {10.1137/090777761}
}

@article{young-takane-leeuw,
  author = {Forrest W. Young and Yoshio Takane and Jan {de Leeuw}},
  title = {The principal components of mixed measurement level multivariate
           data: an alternating least squares method with optimal scaling
           features},
  journal = {Psychometrika},
  year = {1978},
  month = {June},
  volume = {43},
  number = {2},
  pages = {279--281},
  doi = {10.1007/BF02293871}
}

@article{mri1,
  author = {C. P. Loizou and V. Murray and M.S. Pattichis and I. Seimenis
            and M. Pantziaris and C.S. Pattichis},
  title = {Multi-scale amplitude-modulation--frequency-modulation ({AM}-{FM})
           texture analysis of multiple sclerosis in brain {MRI} images},
  journal = {IEEE Transactions on Information Technology in Biomedicine},
  volume = {15},
  number = {1},
  pages = {119--129},
  year = {2011},
  doi = {10.1109/TITB.2010.2091279}
}

@article{mri2,
  author = {C. P. Loizou and E. C. Kyriacou and I. Seimenis and M. Pantziaris
            and S. Petroudi and M. Karaolis and C.S. Pattichis},
  title = {Brain white matter lesion classification in multiple sclerosis
           subjects for the prognosis of future disability},
  journal = {Intelligent Decision Technologies Journal},
  volume = {7},
  pages = {3--10},
  year = {2013},
  doi = {10.1007/978-3-642-23960-1_47}
}

@article{mri3,
  author = {C. P. Loizou and M. Pantziaris and C.S. Pattichis
            and I. Seimenis},
  title = {Brain {MRI} image normalization in texture analysis of multiple
           sclerosis},
  journal = {Journal of Biomedical Graphics and Computing},
  volume = {3},
  number = {1},
  pages = {20--34},
  year = {2013},
  doi = {https://doi.org/10.5430/jbgc.v3n1p20}
}

@article{mri4,
  author = {C. P. Loizou and S. Petroudi and I. Seimenis and M. Pantziaris
            and C.S. Pattichis},
  title = {Quantitative texture analysis of brain white matter lesions derived
           from {T2}-weighted {MR} images in {MS} patients with clinically
           isolated syndrome},
  journal = {Journal of Neuroradiology},
  volume = {42},
  number = {2},
  pages = {99--114},
  year = {2015},
  doi = {10.1016/j.neurad.2014.05.006}
}

@incollection{pytorch,
  title = {\proglang{PyTorch}: an imperative style, high-performance
           deep learning library},
  author = {Adam Paszke and Sam Gross and Francisco Massa and Adam Lerer
            and James Bradbury and Gregory Chanan and Trevor Killeen
            and Zeming Lin and Natalia Gimelshein and Luca Antiga
            and Alban Desmaison and Andreas Kopf and Edward Yang
            and Zachary DeVito and Martin Raison and Alykhan Tejani
            and Sasank Chilamkurthy and Benoit Steiner and Lu Fang
            and Junjie Bai and Soumith Chintala},
  booktitle = {Advances in Neural Information Processing Systems},
  editor = {H. Wallach and H. Larochelle and A. Beygelzimer
            and F. {d'Alch\'{e}-Buc} and E. Fox and R. Garnett},
  pages = {8024--8035},
  year = {2019},
  publisher = {Curran Associates},
  url = {https://proceedings.neurips.cc/paper/2019/file/bdbca288fee7f92f2bfa9f7012727740-Paper.pdf}
}

@article{matplotlib,
  author    = {J. D. Hunter},
  title     = {\pkg{Matplotlib}: a {2D} graphics environment},
  journal   = {Computing in Science \& Engineering},
  volume    = {9},
  number    = {3},
  pages     = {90--95},
  publisher = {IEEE Computer Society},
  doi       = {10.1109/MCSE.2007.55},
  year      = {2007}
}

@article{numpy,
  title = {Array programming with \pkg{NumPy}},
  author = {Charles R. Harris and K. Jarrod Millman and St{'{e}}fan J.
            van der Walt and Ralf Gommers and Pauli Virtanen and David
            Cournapeau and Eric Wieser and Julian Taylor and Sebastian
            Berg and Nathaniel J. Smith and Robert Kern and Matti Picus
            and Stephan Hoyer and Marten H. van Kerkwijk and Matthew
            Brett and Allan Haldane and Jaime Fern{'{a}}ndez del
            R{'{\i}}o and Mark Wiebe and Pearu Peterson and Pierre
            G{'{e}}rard-Marchant and Kevin Sheppard and Tyler Reddy and
            Warren Weckesser and Hameer Abbasi and Christoph Gohlke and
            Travis E. Oliphant},
  year = {2020},
  journal = {Nature},
  volume = {585},
  number = {7825},
  pages = {357--362},
  doi = {10.1038/s41586-020-2649-2},
  publisher = {Springer Science and Business Media}
}

@article{scipy,
  author  = {Virtanen, Pauli and Gommers, Ralf and Oliphant, Travis E. and
             Haberland, Matt and Reddy, Tyler and Cournapeau, David and
             Burovski, Evgeni and Peterson, Pearu and Weckesser, Warren and
             Bright, Jonathan and {van der Walt}, St{\'e}fan J. and
             Brett, Matthew and Wilson, Joshua and Millman, K. Jarrod and
             Mayorov, Nikolay and Nelson, Andrew R. J. and Jones, Eric and
             Kern, Robert and Larson, Eric and Carey, C J and
             Polat, {\.I}lhan and Feng, Yu and Moore, Eric W. and
             {VanderPlas}, Jake and Laxalde, Denis and Perktold, Josef and
             Cimrman, Robert and Henriksen, Ian and Quintero, E. A. and
             Harris, Charles R. and Archibald, Anne M. and
             Ribeiro, Ant{\^o}nio H. and Pedregosa, Fabian and
             {van Mulbregt}, Paul and {SciPy 1.0 Contributors}},
  title = {\pkg{SciPy} 1.0: fundamental algorithms for scientific computing
           in \proglang{{P}ython}},
  journal = {Nature Methods},
  year = {2020},
  volume = {17},
  pages = {261--272},
  doi = {10.1038/s41592-019-0686-2}
}

@misc{pillow,
  author = {Alex Clark},
  title = {\pkg{Pillow} (\pkg{PIL} Fork) Documentation},
  url = {https://readthedocs.org/projects/pillow/downloads/pdf/latest},
  publisher = {Read the Docs},
  year = {2021}
}
